@mastersthesis{mastersthesis,
  author       = {Peter Harwood}, 
  title        = {The title of the work},
  school       = {The school of the thesis},
  year         = 1993,
  address      = {The address of the publisher},
  month        = 7,
  note         = {An optional note}
}

@phdthesis{phdthesis,
  author       = {Peter Joslin}, 
  title        = {The title of the work},
  school       = {The school of the thesis},
  year         = 1993,
  address      = {The address of the publisher},
  month        = 7,
  note         = {An optional note}
}

@proceedings{proceedings,
  title        = {The title of the work},
  year         = 1993,
  editor       = {Peter Kidwelly},
  volume       = 4,
  series       = 5,
  address      = {The address of the publisher},
  month        = 7,
  organization = {The organization},
  publisher    = {The name of the publisher},
  note         = {An optional note}
}






@book{engel,
  author    = {E. Engel and R.M. Dreizler}, 
  title     = {Density Functional Theory},
  publisher = {Springer-Verlag Berlin Heidelberg},
  year      = 2011,
  isbn      = {3642140890}
}


@book{roos,
  editor    = {B.O. Roos}, 
  title     = {Lecture Notes in Quantum Chemistry II},
  publisher = {Springer-Verlag Berlin Heidelberg},
  year      = 1994,
  isbn      = {3540586202}
}

@book{martin,
  author    = {R.M. Martin}, 
  title     = {Electronic Structure},
  publisher = {Cambridge University Press},
  year      = 2004,
  isbn      = {0521534402}
}

@book{kryachko,
  author    = {E.S. Kryachko and E.V. Lude√±a}, 
  title     = {Energy Density Functional Theory of Many-Electron Systems},
  publisher = {Kluwer Academic Publishers},
  year      = 1990,
  isbn      = {0792306414}
}

@book{yangparr,
  author    = {R.G. Parr and W. Yang}, 
  title     = {Density-functional theory of atoms and molecules},
  publisher = {Oxford University Press},
  year      = 1989,
  isbn      = {0195942794}
}

@misc{toulouse,
  author       = {J. Toulouse}, 
  title        = {Introduction to density-functional theory},
  month        = 6,
  year         = 2017,
  note         = {Lecture notes},
  URL          = {http://www.lct.jussieu.fr/pagesperso/toulouse/enseignement/introduction_dft.pdf}
}





@article{hohenberg-kohn,
  title = {Inhomogeneous Electron Gas},
  author = {Hohenberg, P. and Kohn, W.},
  journal = {Phys. Rev.},
  volume = {136},
  issue = {3B},
  pages = {B864--B871},
  numpages = {0},
  year = {1964},
  month = {Nov},
  publisher = {American Physical Society},
  doi = {10.1103/PhysRev.136.B864},
  url = {https://link.aps.org/doi/10.1103/PhysRev.136.B864}
}

@article{vwn,
author = {S. H. Vosko and L. Wilk and M. Nusair},
title = {Accurate spin-dependent electron liquid correlation energies for local spin density calculations: a critical analysis},
journal = {Canadian Journal of Physics},
volume = {58},
number = {8},
pages = {1200-1211},
year = {1980},
doi = {10.1139/p80-159},
URL = {https://doi.org/10.1139/p80-159},
eprint = {https://doi.org/10.1139/p80-159}
}